@misc{scala,
  title        = {Scala documentation},
  howpublished = {\url{https://scala-lang.org/}}
}


@misc{akka,
  title        = {Akka documentation},
  howpublished = {\url{https://doc.akka.io/docs/akka/current/typed/actors.html
                  }}
}

@misc{javascript,
  title        = {JavaScript documentation},
  howpublished = {\url{https://developer.mozilla.org/en-US/docs/Web/JavaScript}}
}

@misc{svelte,
  title        = {Svelte documentation},
  howpublished = {\url{https://svelte.dev/docs/introduction}}
}

@misc{node,
  title        = {Node documentation},
  howpublished = {\url{https://nodejs.org/en}}
}

@misc{mongo,
  title        = {MongoDB documentation},
  howpublished = {\url{https://www.mongodb.com/docs/}}
}

@misc{googlemaps,
  title        = {Google maps documentation},
  howpublished = {\url{https://developers.google.com/maps/documentation}}
}

@misc{mooneygo,
  title        = {MooneyGO app},
  howpublished = {\url{https://www.mooneygo.it/}}
}


@misc{mycicero,
  title        = {MyCicero},
  howpublished = {\url{https://www.mycicero.it/}}
}

@misc{enelx,
  title        = {Enel X Way},
  howpublished = {\url{https://www.enelxway.com/it/it/mappa-punti-di-ricarica}}
}

@misc{akkahttp,
  title        = {Akka HTTP documentation},
  howpublished = {\url{https://doc.akka.io/docs/akka-http/current/index.html}}
}

@misc{express,
  title        = {Express documentation},
  howpublished = {\url{https://expressjs.com/}}
}

@misc{dom,
  title        = {DOM documentation},
  howpublished = {\url{https://developer.mozilla.org/en-US/docs/Web/API/Document_Object_Model}}
}

@misc{react,
  title        = {React documentation},
  howpublished = {\url{https://react.dev/}}
}

@misc{vue,
  title        = {Vue documentation},
  howpublished = {\url{https://vuejs.org/guide/introduction.html}}
}

@misc{html,
  title        = {HTML documentation},
  howpublished = {\url{https://developer.mozilla.org/en-US/docs/Web/HTML}}
}

@misc{css,
  title        = {CSS documentation},
  howpublished = {\url{https://developer.mozilla.org/en-US/docs/Web/CSS}}
}

@misc{leaflet,
  title        = {Leaflet documentation},
  howpublished = {\url{https://leafletjs.com/}}
}

@misc{typescript,
  title        = {Typescript documentation},
  howpublished = {\url{https://www.typescriptlang.org/}}
}

@misc{cors,
  title        = {CORS documentation},
  howpublished = {\url{https://developer.mozilla.org/en-US/docs/Web/HTTP/CORS}}
}

@misc{akkacluster,
  title        = {Akka Cluster documentation},
  howpublished = {\url{https://doc.akka.io/docs/akka/current/typed/cluster.html}}
}

@misc{akkaserjack,
  title        = {Akka serialization jackson documentation},
  howpublished = {\url{https://doc.akka.io/docs/akka/current/serialization-jackson.html
                  }}
}

@misc{sveltekit,
  title        = {Sveltekit documentation},
  howpublished = {\url{https://kit.svelte.dev/}}
}
@misc{vite,
  title        = {Vite documentation},
  howpublished = {\url{https://vitejs.dev/}}
}
@misc{sveltegeo,
  title        = {Svelte geolocation documentation},
  howpublished = {\url{https://github.com/metonym/svelte-geolocation}}
}
@misc{scanner,
  title        = {Svelte QR scanner documentation},
  howpublished = {\url{https://github.com/Pedroglp/svelte-qr-scanner}}
}
@misc{mongoose,
  title        = {Mongoose documentation},
  howpublished = {\url{https://mongoosejs.com/docs/}}
}
@misc{bcrypt,
  title        = {Bcrypt documentation},
  howpublished = {\url{https://www.npmjs.com/package/bcrypt}}
}

@misc{dotenv,
  title        = {Dotenv documentation},
  howpublished = {\url{https://www.npmjs.com/package/dotenv}}
}
@misc{jsonwebtoken,
  title        = {Jsonwebtoken documentation},
  howpublished = {\url{https://www.npmjs.com/package/jsonwebtoken}}
}

@misc{,
  title        = {},
  howpublished = {\url{}}
}
@misc{,
  title        = {},
  howpublished = {\url{}}
}

@misc{,
  title        = {},
  howpublished = {\url{}}
}
@misc{,
  title        = {},
  howpublished = {\url{}}
}